@article{humanvsdnn,
  title={A Study and Comparison of Human and Deep Learning Recognition Performance Under Visual Distortions},
  author={Samuel F. Dodge and Lina J. Karam},
  journal={CoRR},
  year={2017},
  volume={abs/1705.02498}
}

@INPROCEEDINGS{googlenet, 
author={C. Szegedy and Wei Liu and Yangqing Jia and P. Sermanet and S. Reed and D. Anguelov and D. Erhan and V. Vanhoucke and A. Rabinovich}, 
booktitle={2015 IEEE Conference on Computer Vision and Pattern Recognition (CVPR)}, 
title={Going deeper with convolutions}, 
year={2015}, 
pages={1-9}, 
keywords={Hebbian learning;convolution;decision making;feature extraction;image classification;neural net architecture;resource allocation;Hebbian principle;architectural decision;convolutional neural network architecture;object classification;object detection;resource utilization;Computer architecture;Computer vision;Convolutional codes;Neural networks;Object detection;Sparse matrices;Visualization}, 
doi={10.1109/CVPR.2015.7298594}, 
ISSN={1063-6919}, 
month={6},}

@inproceedings{dnnparameters,
 author = {Han, Song and Pool, Jeff and Tran, John and Dally, William J.},
 title = {Learning Both Weights and Connections for Efficient Neural Networks},
 booktitle = {Proceedings of the 28th International Conference on Neural Information Processing Systems},
 series = {NIPS'15},
 year = {2015},
 location = {Montreal, Canada},
 pages = {1135--1143},
 numpages = {9},
 url = {http://dl.acm.org/citation.cfm?id=2969239.2969366},
 acmid = {2969366},
 publisher = {MIT Press},
 address = {Cambridge, MA, USA},
} 

@article{cnnpopular,
  title={Deep learning for visual understanding: A review},
  author={Yanming Guo and Yu Liu and Ard Oerlemans and Songyang Lao and Song Wu and Michael S. Lew},
  journal={Neurocomputing},
  year={2016},
  volume={187},
  pages={27-48}
}

@article{alexnet,
  title={ImageNet Classification with Deep Convolutional Neural Networks},
  author={Alex Krizhevsky and Ilya Sutskever and Geoffrey E. Hinton},
  journal={Commun. ACM},
  year={2012},
  volume={60},
  pages={84-90}
}

@article{stridepadding,
  title={A guide to convolution arithmetic for deep learning},
  author={Vincent Dumoulin and Francesco Visin},
  journal={CoRR},
  year={2016},
  volume={abs/1603.07285}
}

@article{adam,
  title={Adam: A Method for Stochastic Optimization},
  author={Diederik P. Kingma and Jimmy Ba},
  journal={CoRR},
  year={2014},
  volume={abs/1412.6980}
}

@article{bestoptimiser,
  title={An overview of gradient descent optimization algorithms},
  author={Ruder, Sebastian},
  journal={CoRR},
  year={2016},
  volume={abs/1609.04747}
}

@InProceedings{vgg,
  author       = "Simonyan, K. and Zisserman, A.",
  title        = "Very Deep Convolutional Networks for Large-Scale Image Recognition",
  booktitle    = "International Conference on Learning Representations",
  year         = "2015",
}

@article{saxena,
  title={3-D Depth Reconstruction from a Single Still Image},
  author={Ashutosh Saxena and Sung H. Chung and Andrew Y. Ng},
  journal={International Journal of Computer Vision},
  year={2007},
  volume={76},
  pages={53-69}
}

@inproceeding{jaeseung,
author = { Jaeseung  Ko,Manbae  Kim,Changick  Kim},
title = {2D to 3D stereoscopic conversion: depth-map estimation in a 2D single-view image},
journal = {Proc.SPIE},
volume = {6696},
pages = {6696-9},
year = {2007},
}

@INPROCEEDINGS{liusemantic,
author={B. Liu and S. Gould and D. Koller},
booktitle={2010 IEEE Computer Society Conference on Computer Vision and Pattern Recognition},
title={Single image depth estimation from predicted semantic labels},
year={2010},
pages={1253-1260},
ISSN={1063-6919},
month={6},
}

 @InProceedings{liucnf,
author = {Liu, Fayao and Shen, Chunhua and Lin, Guosheng},
title = {Deep Convolutional Neural Fields for Depth Estimation From a Single Image},
booktitle = {The IEEE Conference on Computer Vision and Pattern Recognition (CVPR)},
month = {6},
year = {2015}
}


@incollection{eigendepth,
title = {Depth Map Prediction from a Single Image using a Multi-Scale Deep Network},
author = {Eigen, David and Puhrsch, Christian and Fergus, Rob},
booktitle = {Advances in Neural Information Processing Systems 27},
pages = {2366--2374},
year = {2014},
}

@inproceedings{wang,
  title={Designing deep networks for surface normal estimation},
  author={Wang, Xiaolong and Fouhey, David and Gupta, Abhinav},
  booktitle={Proceedings of the IEEE Conference on Computer Vision and Pattern Recognition},
  pages={539--547},
  year={2015}
}

@inproceedings{vanishingpoints,
  title={Recovering the spatial layout of cluttered rooms},
  author={Hedau, Varsha and Hoiem, Derek and Forsyth, David},
  booktitle={Computer vision, 2009 IEEE 12th international conference on},
  pages={1849--1856},
  year={2009},
  organization={IEEE}
}

@inproceedings{eigen,
  title={Predicting depth, surface normals and semantic labels with a common multi-scale convolutional architecture},
  author={Eigen, David and Fergus, Rob},
  booktitle={Proceedings of the IEEE International Conference on Computer Vision},
  pages={2650--2658},
  year={2015}
}

@article{imagenet,
Author = {Olga Russakovsky and Jia Deng and Hao Su and Jonathan Krause and Sanjeev Satheesh and Sean Ma and Zhiheng Huang and Andrej Karpathy and Aditya Khosla and Michael Bernstein and Alexander C. Berg and Li Fei-Fei},
Title = {{ImageNet Large Scale Visual Recognition Challenge}},
Year = {2015},
journal   = {International Journal of Computer Vision (IJCV)},
doi = {10.1007/s11263-015-0816-y},
volume={115},
number={3},
pages={211-252}
}

@article{dharmasiri,
  title={Joint Prediction of Depths, Normals and Surface Curvature from RGB Images using CNNs},
  author={Dharmasiri, Thanuja and Spek, Andrew and Drummond, Tom},
  journal={arXiv preprint arXiv:1706.07593},
  year={2017}
}

@inproceedings{bansal,
  title={Marr {R}evisited: 2{D}-3{D} Model Alignment via Surface Normal Prediction},
  author={Bansal, Aayush and Russell, Bryan and Gupta, Abhinav},
  booktitle={CVPR},
  year={2016}
}

@inproceedings{hariharan,
  title={Hypercolumns for object segmentation and fine-grained localization},
  author={Hariharan, Bharath and Arbel{\'a}ez, Pablo and Girshick, Ross and Malik, Jitendra},
  booktitle={Proceedings of the IEEE Conference on Computer Vision and Pattern Recognition},
  pages={447--456},
  year={2015}
}

@article{data,
  title={Revisiting unreasonable effectiveness of data in deep learning era},
  author={Sun, Chen and Shrivastava, Abhinav and Singh, Saurabh and Gupta, Abhinav},
  journal={arXiv preprint arXiv:1707.02968},
  year={2017}
}

@article{silberman,
  title={Indoor segmentation and support inference from rgbd images},
  author={Silberman, Nathan and Hoiem, Derek and Kohli, Pushmeet and Fergus, Rob},
  journal={Computer Vision--ECCV 2012},
  pages={746--760},
  year={2012},
  publisher={Springer}
}

@inproceedings{sun,
  title={Sun rgb-d: A rgb-d scene understanding benchmark suite},
  author={Song, Shuran and Lichtenberg, Samuel P and Xiao, Jianxiong},
  booktitle={Proceedings of the IEEE conference on computer vision and pattern recognition},
  pages={567--576},
  year={2015}
}

@inproceedings{ladicky,
  title={Discriminatively Trained Dense Surface Normal Estimation},
  author={Ladicky, Lubor and Zeisl, Bernhard and Pollefeys, Marc},
  booktitle={ECCV},
  year={2014}
}

@article{vggdiagram,
  title={Face recognition across time lapse using convolutional neural networks},
  author={El Khiyari, Hachim and Wechsler, Harry},
  journal={Journal of Information Security},
  volume={7},
  number={03},
  pages={141},
  year={2016},
  publisher={Scientific Research Publishing}
}

@inproceedings{objectdataset,
  title={A large-scale hierarchical multi-view rgb-d object dataset},
  author={Lai, Kevin and Bo, Liefeng and Ren, Xiaofeng and Fox, Dieter},
  booktitle={Robotics and Automation (ICRA), 2011 IEEE International Conference on},
  pages={1817--1824},
  year={2011},
  organization={IEEE}
}

@inproceedings{bigbird,
  title={Bigbird: A large-scale 3d database of object instances},
  author={Singh, Arjun and Sha, James and Narayan, Karthik S and Achim, Tudor and Abbeel, Pieter},
  booktitle={Robotics and Automation (ICRA), 2014 IEEE International Conference on},
  pages={509--516},
  year={2014},
  organization={IEEE}
}

@inproceedings{b3do,
  title={A category-level 3-D object dataset: putting the Kinect to work},
  author={Karayev, S and Jia, Y and Barron, J and Fritz, M and Saenko, K and Darrell, T},
  booktitle={Proceedings of the IEEE International Conference on Computer Vision Workshops},
  pages={1167--1174},
  year={2011}
}

@inproceedings{colorization,
  title={Colorization using optimization},
  author={Levin, Anat and Lischinski, Dani and Weiss, Yair},
  booktitle={ACM transactions on graphics (tog)},
  volume={23},
  number={3},
  pages={689--694},
  year={2004},
  organization={ACM}
}

@inproceedings{sun3d,
  title={Sun3d: A database of big spaces reconstructed using sfm and object labels},
  author={Xiao, Jianxiong and Owens, Andrew and Torralba, Antonio},
  booktitle={Proceedings of the IEEE International Conference on Computer Vision},
  pages={1625--1632},
  year={2013}
}

@inproceedings{spek,
  title={A Fast Method For Computing Principal Curvatures From Range Images},
  author={Spek, Andrew and Li, Wai Ho and Drummond, Tom},
  booktitle={Proceedings of the Australasian Conference on Robotics and Automation (ACRA)},
  year={2015}
}

@article{tgv,
  title={Total generalized variation},
  author={Bredies, Kristian and Kunisch, Karl and Pock, Thomas},
  journal={SIAM Journal on Imaging Sciences},
  volume={3},
  number={3},
  pages={492--526},
  year={2010},
  publisher={SIAM}
}

@article {chan,
	title = {An augmented Lagrangian method for total variation video restoration},
	journal = {IEEE Transactions on Image Processing},
	volume = {20},
	number = {11},
	year = {2011},
	pages = {3097-3111},
	url = {http://videoprocessing.ucsd.edu/~stanleychan/deconvtv},
	author = {Stanley H. Chan and Ramsin Khoshabeh and Kristofor B. Gibson and Philip E. Gill and Truong Q. Nguyen}
}

@article{resnet,
  title={Deep Residual Learning for Image Recognition},
  author={Kaiming He and Xiangyu Zhang and Shaoqing Ren and Jian Sun},
  journal={2016 IEEE Conference on Computer Vision and Pattern Recognition (CVPR)},
  year={2016},
  pages={770-778}
}

